@inproceedings{10.1117/12.2249671,
author = {Ole Bjarlin Jensen and Anders Kragh Hansen and Andr{\'e} M{\"u}ller and Bernd Sumpf and Paul Michael Petersen and Peter E. Andersen},
title = {{3.5 W of diffraction-limited green light at 515 nm from SHG of a single-frequency tapered diode laser}},
volume = {10088},
booktitle = {Nonlinear Frequency Generation and Conversion: Materials and Devices XVI},
editor = {Konstantin L. Vodopyanov and Kenneth L. Schepler},
organization = {International Society for Optics and Photonics},
publisher = {SPIE},
pages = {1008803},
keywords = {Tapered diode laser, Second harmonic generation, Visible laser, 515 nm},
year = {2017},
doi = {10.1117/12.2249671},
URL = {https://doi.org/10.1117/12.2249671}
}
