@article{Russell:06,
author = {Philip St.J. Russell},
journal = {J. Lightwave Technol.},
keywords = {Chemical vapor deposition; Fast Fourier transforms; High power lasers; Hollow core fibers; Photonic crystals; Stimulated Raman scattering},
number = {12},
pages = {4729--4749},
publisher = {Optica Publishing Group},
title = {Photonic-Crystal Fibers},
volume = {24},
month = {Dec},
year = {2006},
url = {https://opg.optica.org/jlt/abstract.cfm?URI=jlt-24-12-4729},
abstract = {The history, fabrication, theory, numerical modeling, optical properties, guidance mechanisms, and applications of photonic-crystal fibers are reviewed.},
}