@article{1962_lurio,
  title = {Second-Order Hyperfine and Zeeman Corrections for an ($\mathrm{sl}$) Configuration},
  author = {Lurio, A. and Mandel, M. and Novick, R.},
  journal = {Phys. Rev.},
  volume = {126},
  issue = {5},
  pages = {1758--1767},
  numpages = {0},
  year = {1962},
  month = {Jun},
  publisher = {American Physical Society},
  doi = {10.1103/PhysRev.126.1758},
  url = {https://link.aps.org/doi/10.1103/PhysRev.126.1758}
}

@article{1982_phillips,
	title = {Laser {Deceleration} of an {Atomic} {Beam}},
	volume = {48},
	url = {https://link.aps.org/doi/10.1103/PhysRevLett.48.596},
	doi = {10.1103/PhysRevLett.48.596},
	number = {9},
	urldate = {2022-01-23},
	journal = {Physical Review Letters},
	author = {Phillips, William D. and Metcalf, Harold},
	month = mar,
	year = {1982},
	pages = {596--599},
	file = {Full Text PDF:/home/guillaume/Zotero/storage/PRSKGZM8/Phillips et Metcalf - 1982 - Laser Deceleration of an Atomic Beam.pdf:application/pdf;APS Snapshot:/home/guillaume/Zotero/storage/Y8EXYSVA/PhysRevLett.48.html:text/html},
}

@article{1985_ertmer,
	title = {Laser {Manipulation} of {Atomic} {Beam} {Velocities}: {Demonstration} of {Stopped} {Atoms} and {Velocity} {Reversal}},
	volume = {54},
	shorttitle = {Laser {Manipulation} of {Atomic} {Beam} {Velocities}},
	url = {https://link.aps.org/doi/10.1103/PhysRevLett.54.996},
	doi = {10.1103/PhysRevLett.54.996},
	number = {10},
	urldate = {2022-01-30},
	journal = {Physical Review Letters},
	author = {Ertmer, W. and Blatt, R. and Hall, J. L. and Zhu, M.},
	month = mar,
	year = {1985},
	pages = {996--999},
	file = {APS Snapshot:/home/guillaume/Zotero/storage/KU4VISQ6/PhysRevLett.54.html:text/html},
}

@article{1987_bergeman,
  title = {Magnetostatic trapping fields for neutral atoms},
  author = {Bergeman, T. and Erez, Gidon and Metcalf, Harold J.},
  journal = {Phys. Rev. A},
  volume = {35},
  issue = {4},
  pages = {1535--1546},
  numpages = {0},
  year = {1987},
  month = {Feb},
  publisher = {American Physical Society},
  doi = {10.1103/PhysRevA.35.1535},
  url = {https://link.aps.org/doi/10.1103/PhysRevA.35.1535}
}


@article{1987_raab,
  title = {Trapping of Neutral Sodium Atoms with Radiation Pressure},
  author = {Raab, E. L. and Prentiss, M. and Cable, Alex and Chu, Steven and Pritchard, D. E.},
  journal = {Phys. Rev. Lett.},
  volume = {59},
  issue = {23},
  pages = {2631--2634},
  numpages = {0},
  year = {1987},
  month = {Dec},
  publisher = {American Physical Society},
  doi = {10.1103/PhysRevLett.59.2631},
  url = {https://link.aps.org/doi/10.1103/PhysRevLett.59.2631}
}


@article{1988_hoffnagle,
    author = {J. Hoffnagle},
    journal = {Opt. Lett.},
    keywords = {Cold atoms; Doppler effect; Laser beams; Light beams; Light scattering; Radiation pressure},
    number = {2},
    pages = {102--104},
    publisher = {OSA},
    title = {Proposal for continuous white-light cooling of an atomic beam},
    volume = {13},
    month = {Feb},
    year = {1988},
    url = {http://opg.optica.org/ol/abstract.cfm?URI=ol-13-2-102},
    doi = {10.1364/OL.13.000102},
}

@article{1989_diedrich,
  title = {Laser Cooling to the Zero-Point Energy of Motion},
  author = {Diedrich, F. and Bergquist, J. C. and Itano, Wayne M. and Wineland, D. J.},
  journal = {Phys. Rev. Lett.},
  volume = {62},
  issue = {4},
  pages = {403--406},
  numpages = {0},
  year = {1989},
  month = {Jan},
  publisher = {American Physical Society},
  doi = {10.1103/PhysRevLett.62.403},
  url = {https://link.aps.org/doi/10.1103/PhysRevLett.62.403}
}


@article{1992_kasevich,
  title = {Laser cooling below a photon recoil with three-level atoms},
  author = {Kasevich, Mark and Chu, Steven},
  journal = {Phys. Rev. Lett.},
  volume = {69},
  issue = {12},
  pages = {1741--1744},
  numpages = {0},
  year = {1992},
  month = {Sep},
  publisher = {American Physical Society},
  doi = {10.1103/PhysRevLett.69.1741},
  url = {https://link.aps.org/doi/10.1103/PhysRevLett.69.1741}
}



@article{1994_ma,
	title = {Delivering the same optical frequency at two places: accurate cancellation of phase noise introduced by an optical fiber or other time-varying path},
	volume = {19},
	copyright = {© 1994 Optical Society of America},
	issn = {1539-4794},
	shorttitle = {Delivering the same optical frequency at two places},
	url = {https://www.osapublishing.org/ol/abstract.cfm?uri=ol-19-21-1777},
	doi = {10.1364/OL.19.001777},
	language = {EN},
	number = {21},
	urldate = {2022-01-23},
	journal = {Optics Letters},
	author = {Ma, Long-Sheng and Jungner, Peter and Ye, Jun and Hall, John L.},
	month = nov,
	year = {1994},
	keywords = {Doppler effect, Phase measurement, Phase modulation, Phase noise, Phase shift, Single mode fibers},
	pages = {1777--1779},
}

@article{1995_anderson,
	title = {Observation of {Bose}-{Einstein} {Condensation} in a {Dilute} {Atomic} {Vapor}},
	copyright = {1995 by the American Association for the Advancement of Science},
	url = {https://www.science.org/doi/abs/10.1126/science.269.5221.198},
	doi = {10.1126/science.269.5221.198},
	language = {EN},
	urldate = {2022-01-23},
	journal = {Science},
	author = {Anderson, M. H. and Ensher, J. R. and Matthews, M. R. and Wieman, C. E. and Cornell, E. A.},
	month = jul,
	year = {1995},
	file = {Snapshot:/home/guillaume/Zotero/storage/2TAW7A6E/science.269.5221.html:text/html},
}

@article{1995_davis,
	title = {Bose-{Einstein} {Condensation} in a {Gas} of {Sodium} {Atoms}},
	volume = {75},
	url = {https://link.aps.org/doi/10.1103/PhysRevLett.75.3969},
	doi = {10.1103/PhysRevLett.75.3969},
	number = {22},
	urldate = {2022-01-23},
	journal = {Physical Review Letters},
	author = {Davis, K. B. and Mewes, M. -O. and Andrews, M. R. and van Druten, N. J. and Durfee, D. S. and Kurn, D. M. and Ketterle, W.},
	month = nov,
	year = {1995},
	pages = {3969--3973},
	file = {Version soumise:/home/guillaume/Zotero/storage/ESP8W5CT/Davis et al. - 1995 - Bose-Einstein Condensation in a Gas of Sodium Atom.pdf:application/pdf;APS Snapshot:/home/guillaume/Zotero/storage/CXHML3WJ/PhysRevLett.75.html:text/html},
}

@article{1997_savard,
	title = {Laser-noise-induced heating in far-off resonance optical traps},
	volume = {56},
	url = {https://link.aps.org/doi/10.1103/PhysRevA.56.R1095},
	doi = {10.1103/PhysRevA.56.R1095},
	number = {2},
	urldate = {2022-01-23},
	journal = {Physical Review A},
	author = {Savard, T. A. and O’Hara, K. M. and Thomas, J. E.},
	month = aug,
	year = {1997},
	pages = {R1095--R1098},
}

@article{1998_jaksch,
  title = {Cold Bosonic Atoms in Optical Lattices},
  author = {Jaksch, D. and Bruder, C. and Cirac, J. I. and Gardiner, C. W. and Zoller, P.},
  journal = {Phys. Rev. Lett.},
  volume = {81},
  issue = {15},
  pages = {3108--3111},
  numpages = {0},
  year = {1998},
  month = {Oct},
  publisher = {American Physical Society},
  doi = {10.1103/PhysRevLett.81.3108},
  url = {https://link.aps.org/doi/10.1103/PhysRevLett.81.3108}
}


@incollection{2000_grimm,
title = {Optical Dipole Traps for Neutral Atoms},
editor = {Benjamin Bederson and Herbert Walther},
series = {Advances In Atomic, Molecular, and Optical Physics},
publisher = {Academic Press},
volume = {42},
pages = {95-170},
year = {2000},
issn = {1049-250X},
doi = {https://doi.org/10.1016/S1049-250X(08)60186-X},
url = {https://www.sciencedirect.com/science/article/pii/S1049250X0860186X},
author = {Rudolf Grimm and Matthias Weidemüller and Yurii B. Ovchinnikov},
}

@article{2001_black,
    author = {Black,Eric D. },
    title = {An introduction to Pound–Drever–Hall laser frequency stabilization},
    journal = {American Journal of Physics},
    volume = {69},
    number = {1},
    pages = {79-87},
    year = {2001},
    doi = {10.1119/1.1286663},
}

@article{2001_greiner,
  title = {Exploring Phase Coherence in a 2D Lattice of Bose-Einstein Condensates},
  author = {Greiner, Markus and Bloch, Immanuel and Mandel, Olaf and H\"ansch, Theodor W. and Esslinger, Tilman},
  journal = {Phys. Rev. Lett.},
  volume = {87},
  issue = {16},
  pages = {160405},
  numpages = {4},
  year = {2001},
  month = {Oct},
  publisher = {American Physical Society},
  doi = {10.1103/PhysRevLett.87.160405},
  url = {https://link.aps.org/doi/10.1103/PhysRevLett.87.160405}
}

@article{2001_grynberg,
	title = {Cold atoms in dissipative optical lattices},
	journal = {Physics Reports},
	volume = {355},
	number = {5},
	pages = {335-451},
	year = {2001},
	issn = {0370-1573},
	doi = {https://doi.org/10.1016/S0370-1573(01)00017-5},
	url = {https://www.sciencedirect.com/science/article/pii/S0370157301000175},
	author = {G. Grynberg and C. Robilliard},
	keywords = {Laser cooling, Optical lattices},
}

@article{2002_greiner,
	title = {Quantum phase transition from a superfluid to a {Mott} insulator in a gas of ultracold atoms},
	volume = {415},
	copyright = {2002 Macmillan Magazines Ltd.},
	issn = {1476-4687},
	url = {https://www.nature.com/articles/415039a},
	doi = {10.1038/415039a},
	language = {en},
	number = {6867},
	urldate = {2022-03-06},
	journal = {Nature},
	author = {Greiner, Markus and Mandel, Olaf and Esslinger, Tilman and Hänsch, Theodor W. and Bloch, Immanuel},
	month = jan,
	year = {2002},
	keywords = {Humanities and Social Sciences, multidisciplinary, Science},
	pages = {39--44},
	file = {Full Text PDF:/home/guillaume/Zotero/storage/8WY2Z9N9/Greiner et al. - 2002 - Quantum phase transition from a superfluid to a Mo.pdf:application/pdf;Snapshot:/home/guillaume/Zotero/storage/U4684DAY/415039a.html:text/html},
}

@article{2003_maruyama,
  title = {Investigation of sub-Doppler cooling in an ytterbium magneto-optical trap},
  author = {Maruyama, R. and Wynar, R. H. and Romalis, M. V. and Andalkar, A. and Swallows, M. D. and Pearson, C. E. and Fortson, E. N.},
  journal = {Phys. Rev. A},
  volume = {68},
  issue = {1},
  pages = {011403},
  numpages = {4},
  year = {2003},
  month = {Jul},
  publisher = {American Physical Society},
  doi = {10.1103/PhysRevA.68.011403},
  url = {https://link.aps.org/doi/10.1103/PhysRevA.68.011403}
}

@incollection{2003_fox,
	series = {Cavity-{Enhanced} {Spectroscopies}},
	title = {1. {Stabilizing} diode lasers to high-finesse cavities},
	volume = {40},
	url = {https://www.sciencedirect.com/science/article/pii/S1079404203800176},
	language = {en},
	urldate = {2022-01-23},
	booktitle = {Experimental {Methods} in the {Physical} {Sciences}},
	publisher = {Academic Press},
	author = {Fox, Richard W. and Oates, Chris W. and Hollberg, Leo W.},
	editor = {van Zee, Roger D. and Looney, J. Patrick},
	month = jan,
	year = {2003},
	doi = {10.1016/S1079-4042(03)80017-6},
	pages = {1--46},
	file = {ScienceDirect Snapshot:/home/guillaume/Zotero/storage/H5JAZRAS/S1079404203800176.html:text/html},
}

@article{2005_takamoto,
	title = {An optical lattice clock},
	volume = {435},
	copyright = {2005 Macmillan Magazines Ltd.},
	issn = {1476-4687},
	url = {https://www.nature.com/articles/nature03541},
	doi = {10.1038/nature03541},
	language = {en},
	number = {7040},
	urldate = {2022-03-06},
	journal = {Nature},
	author = {Takamoto, Masao and Hong, Feng-Lei and Higashi, Ryoichi and Katori, Hidetoshi},
	month = may,
	year = {2005},
	keywords = {Humanities and Social Sciences, multidisciplinary, Science},
	pages = {321--324},
	file = {Full Text PDF:/home/guillaume/Zotero/storage/99T7BQHU/Takamoto et al. - 2005 - An optical lattice clock.pdf:application/pdf;Snapshot:/home/guillaume/Zotero/storage/253SZD5H/nature03541.html:text/html},
}

@article{2005_bechhoefer,
	title = {Feedback for physicists: {A} tutorial essay on control},
	volume = {77},
	shorttitle = {Feedback for physicists},
	url = {https://link.aps.org/doi/10.1103/RevModPhys.77.783},
	doi = {10.1103/RevModPhys.77.783},

	number = {3},
	urldate = {2022-01-23},
	journal = {Reviews of Modern Physics},
	author = {Bechhoefer, John},
	month = aug,
	year = {2005},
	pages = {783--836},
	file = {APS Snapshot:/home/guillaume/Zotero/storage/7HDT22PJ/RevModPhys.77.html:text/html},
}

@article{2006_taichenachev,
  title = {Magnetic Field-Induced Spectroscopy of Forbidden Optical Transitions with Application to Lattice-Based Optical Atomic Clocks},
  author = {Taichenachev, A. V. and Yudin, V. I. and Oates, C. W. and Hoyt, C. W. and Barber, Z. W. and Hollberg, L.},
  journal = {Phys. Rev. Lett.},
  volume = {96},
  issue = {8},
  pages = {083001},
  numpages = {4},
  year = {2006},
  month = {Mar},
  publisher = {American Physical Society},
  doi = {10.1103/PhysRevLett.96.083001},
  url = {https://link.aps.org/doi/10.1103/PhysRevLett.96.083001}
}


@article{2007_reinaudi,
	title = {Strong saturation absorption imaging of dense clouds of ultracold atoms},
	volume = {32},
	copyright = {© 2007 Optical Society of America},
	issn = {1539-4794},
	url = {https://www.osapublishing.org/ol/abstract.cfm?uri=ol-32-21-3143},
	doi = {10.1364/OL.32.003143},
	language = {EN},
	number = {21},
	urldate = {2022-01-23},
	journal = {Optics Letters},
	author = {Reinaudi, G. and Lahaye, T. and Wang, Z. and Guéry-Odelin, D.},
	month = nov,
	year = {2007},
	keywords = {Cold atoms, Imaging techniques, Light intensity, Magnetic fields, Optical depth, Phase contrast imaging},
	pages = {3143--3145},
}

@article{2007_boyd,
  title = {Nuclear spin effects in optical lattice clocks},
  author = {Boyd, Martin M. and Zelevinsky, Tanya and Ludlow, Andrew D. and Blatt, Sebastian and Zanon-Willette, Thomas and Foreman, Seth M. and Ye, Jun},
  journal = {Phys. Rev. A},
  volume = {76},
  issue = {2},
  pages = {022510},
  numpages = {14},
  year = {2007},
  month = {Aug},
  publisher = {American Physical Society},
  doi = {10.1103/PhysRevA.76.022510},
  url = {https://link.aps.org/doi/10.1103/PhysRevA.76.022510}
}


@article{2008_bloch,
  title = {Many-body physics with ultracold gases},
  author = {Bloch, Immanuel and Dalibard, Jean and Zwerger, Wilhelm},
  journal = {Rev. Mod. Phys.},
  volume = {80},
  issue = {3},
  pages = {885--964},
  numpages = {0},
  year = {2008},
  month = {Jul},
  publisher = {American Physical Society},
  doi = {10.1103/RevModPhys.80.885},
  url = {https://link.aps.org/doi/10.1103/RevModPhys.80.885}
}

@article{2008_greiner,
	title = {Optical lattices},
	volume = {453},
	copyright = {2008 Nature Publishing Group},
	issn = {1476-4687},
	url = {https://www.nature.com/articles/453736a},
	doi = {10.1038/453736a},
	language = {en},
	number = {7196},
	urldate = {2022-01-23},
	journal = {Nature},
	author = {Greiner, Markus and Fölling, Simon},
	month = jun,
	year = {2008},
	keywords = {Humanities and Social Sciences, multidisciplinary, Science},
	pages = {736--738},
	file = {Full Text PDF:/home/guillaume/Zotero/storage/LRXGP5AP/Greiner et Fölling - 2008 - Optical lattices.pdf:application/pdf;Snapshot:/home/guillaume/Zotero/storage/P7BUBBX3/453736a.html:text/html},
}

@article{2008_barber,
	title = {Optical {Lattice} {Induced} {Light} {Shifts} in an {Yb} {Atomic} {Clock}},
	volume = {100},
	url = {https://link.aps.org/doi/10.1103/PhysRevLett.100.103002},
	doi = {10.1103/PhysRevLett.100.103002},
	number = {10},
	urldate = {2022-01-23},
	journal = {Physical Review Letters},
	author = {Barber, Z. W. and Stalnaker, J. E. and Lemke, N. D. and Poli, N. and Oates, C. W. and Fortier, T. M. and Diddams, S. A. and Hollberg, L. and Hoyt, C. W. and Taichenachev, A. V. and Yudin, V. I.},
	month = mar,
	year = {2008},
	pages = {103002},
	file = {Version soumise:/home/guillaume/Zotero/storage/JWKFRVDU/Barber et al. - 2008 - Optical Lattice Induced Light Shifts in an Yb Atom.pdf:application/pdf;APS Snapshot:/home/guillaume/Zotero/storage/TZVN4KQ4/PhysRevLett.100.html:text/html},
}

@article{2008_poli,
  title = {Frequency evaluation of the doubly forbidden $^{1}{S}_{0}\ensuremath{\rightarrow}\,^{3}{P}_{0}$ transition in bosonic $^{174}\mathrm{Yb}$},
  author = {Poli, N. and Barber, Z. W. and Lemke, N. D. and Oates, C. W. and Ma, L. S. and Stalnaker, J. E. and Fortier, T. M. and Diddams, S. A. and Hollberg, L. and Bergquist, J. C. and Brusch, A. and Jefferts, S. and Heavner, T. and Parker, T.},
  journal = {Phys. Rev. A},
  volume = {77},
  issue = {5},
  pages = {050501},
  numpages = {4},
  year = {2008},
  month = {May},
  publisher = {American Physical Society},
  doi = {10.1103/PhysRevA.77.050501},
  url = {https://link.aps.org/doi/10.1103/PhysRevA.77.050501}
}



@article{2008_thorpe,
    author = {J. I. Thorpe and K. Numata and J. Livas},
    journal = {Opt. Express},
    keywords = {Fabry-Perot; Laser stabilization ; Acoustooptic modulators; Frequency modulation; Laser beams; Laser sources; Modulation techniques; Phase modulation},
    number = {20},
    pages = {15980--15990},
    publisher = {OSA},
    title = {Laser frequency stabilization and control through offset sideband locking to optical cavities},
    volume = {16},
    month = {Sep},
    year = {2008},
    url = {http://www.osapublishing.org/oe/abstract.cfm?URI=oe-16-20-15980},
    doi = {10.1364/OE.16.015980},
}

@article{2009_lemke,
	title = {Spin-$1/2$ {Optical} {Lattice} {Clock}},
	volume = {103},
	url = {https://link.aps.org/doi/10.1103/PhysRevLett.103.063001},
	doi = {10.1103/PhysRevLett.103.063001},
	number = {6},
	urldate = {2022-01-23},
	journal = {Physical Review Letters},
	author = {Lemke, N. D. and Ludlow, A. D. and Barber, Z. W. and Fortier, T. M. and Diddams, S. A. and Jiang, Y. and Jefferts, S. R. and Heavner, T. P. and Parker, T. E. and Oates, C. W.},
	month = aug,
	year = {2009},
	pages = {063001},
}

@article{2009_blatt,
  title = {Rabi spectroscopy and excitation inhomogeneity in a one-dimensional optical lattice clock},
  author = {Blatt, S. and Thomsen, J. W. and Campbell, G. K. and Ludlow, A. D. and Swallows, M. D. and Martin, M. J. and Boyd, M. M. and Ye, J.},
  journal = {Phys. Rev. A},
  volume = {80},
  issue = {5},
  pages = {052703},
  numpages = {11},
  year = {2009},
  month = {Nov},
  publisher = {American Physical Society},
  doi = {10.1103/PhysRevA.80.052703},
  url = {https://link.aps.org/doi/10.1103/PhysRevA.80.052703}
}


@article{2009_bakr,
	title = {A quantum gas microscope for detecting single atoms in a {Hubbard}-regime optical lattice},
	volume = {462},
	copyright = {2009 Macmillan Publishers Limited. All rights reserved},
	issn = {1476-4687},
	url = {https://www.nature.com/articles/nature08482},
	doi = {10.1038/nature08482},
	language = {en},
	number = {7269},
	urldate = {2022-01-23},
	journal = {Nature},
	author = {Bakr, Waseem S. and Gillen, Jonathon I. and Peng, Amy and Fölling, Simon and Greiner, Markus},
	month = nov,
	year = {2009},
	keywords = {Humanities and Social Sciences, multidisciplinary, Science},
	pages = {74--77},
	file = {Full Text PDF:/home/guillaume/Zotero/storage/SSD2D3ZU/Bakr et al. - 2009 - A quantum gas microscope for detecting single atom.pdf:application/pdf;Snapshot:/home/guillaume/Zotero/storage/X5CZLYPZ/nature08482.html:text/html},
}

@article{2010_dzuba,
	title = {Dynamic polarizabilities and related properties of clock states of the ytterbium atom},
	volume = {43},
	issn = {0953-4075},
	url = {https://doi.org/10.1088/0953-4075/43/7/074011},
	doi = {10.1088/0953-4075/43/7/074011},
	language = {en},
	number = {7},
	urldate = {2022-02-06},
	journal = {Journal of Physics B: Atomic, Molecular and Optical Physics},
	author = {Dzuba, V. A. and Derevianko, A.},
	month = mar,
	year = {2010},
	pages = {074011},
	file = {IOP Full Text PDF:/home/guillaume/Zotero/storage/8AS7M4IV/Dzuba et Derevianko - 2010 - Dynamic polarizabilities and related properties of.pdf:application/pdf},
}

@article{2010_gerbier,
	doi = {10.1088/1367-2630/12/3/033007},
	url = {https://doi.org/10.1088/1367-2630/12/3/033007},
	year = 2010,
	month = {mar},
	publisher = {{IOP} Publishing},
	volume = {12},
	number = {3},
	pages = {033007},
	author = {Fabrice Gerbier and Jean Dalibard},
	title = {Gauge fields for ultracold atoms in optical superlattices},
	journal = {New Journal of Physics},
}

@article{2012_bloch,
	title = {Quantum simulations with ultracold quantum gases},
	volume = {8},
	copyright = {2012 Nature Publishing Group},
	issn = {1745-2481},
	url = {https://www.nature.com/articles/nphys2259},
	doi = {10.1038/nphys2259},
	language = {en},
	number = {4},
	urldate = {2022-01-23},
	journal = {Nature Physics},
	author = {Bloch, Immanuel and Dalibard, Jean and Nascimbène, Sylvain},
	month = apr,
	year = {2012},
	keywords = {Condensed-matter physics, Quantum information, Ultracold gases},
	pages = {267--276},
	file = {Full Text PDF:/home/guillaume/Zotero/storage/LAYKELFV/Bloch et al. - 2012 - Quantum simulations with ultracold quantum gases.pdf:application/pdf},
}

@article{2013_Banerjee,
  title = {Atomic Quantum Simulation of $\mathbf{U}(N)$ and $\mathrm{SU}(N)$ Non-Abelian Lattice Gauge Theories},
  author = {Banerjee, D. and B\"ogli, M. and Dalmonte, M. and Rico, E. and Stebler, P. and Wiese, U.-J. and Zoller, P.},
  journal = {Phys. Rev. Lett.},
  volume = {110},
  issue = {12},
  pages = {125303},
  numpages = {5},
  year = {2013},
  month = {Mar},
  publisher = {American Physical Society},
  doi = {10.1103/PhysRevLett.110.125303},
  url = {https://link.aps.org/doi/10.1103/PhysRevLett.110.125303}
}


@misc{2013_dalibard,
	title = {Des cages de lumière pour les atomes : la physique des pièges et des réseaux optiques},
	url = {https://www.college-de-france.fr/site/jean-dalibard/course-2012-2013.htm},
	author = {Jean Dalibard},
	language = {fr},
	urldate = {2021-07-15},
	file = {Snapshot:/home/guillaume/Zotero/storage/U8DFD2L4/course-2012-2013.html:text/html},
	year = {2013}
}

@phdthesis{2013_martin,
	title = {Quantum {Metrology} and {Many}-{Body} {Physics}: {Pushing} the {Frontier} of the {Optical} {Lattice} {Clock}},
	language = {en},
	author = {Martin, Michael J},
	pages = {308},
	year= {2013},
	file = {Martin - Quantum Metrology and Many-Body Physics Pushing t.pdf:/home/guillaume/Zotero/storage/G9G6IEUK/Martin - Quantum Metrology and Many-Body Physics Pushing t.pdf:application/pdf},
}

@article{2013_wiese,
	author = {Wiese, U.-J.},
	title = {Ultracold quantum gases and lattice systems: quantum simulation of lattice gauge theories},
	journal = {Annalen der Physik},
	volume = {525},
	number = {10-11},
	pages = {777-796},
	doi = {https://doi.org/10.1002/andp.201300104},
	url = {https://onlinelibrary.wiley.com/doi/abs/10.1002/andp.201300104},
	eprint = {https://onlinelibrary.wiley.com/doi/pdf/10.1002/andp.201300104},
	year = {2013}
}

@article{2015_ludlow,
	title = {Optical atomic clocks},
	volume = {87},
	url = {https://link.aps.org/doi/10.1103/RevModPhys.87.637},
	doi = {10.1103/RevModPhys.87.637},
	number = {2},
	urldate = {2022-02-04},
	journal = {Reviews of Modern Physics},
	author = {Ludlow, Andrew D. and Boyd, Martin M. and Ye, Jun and Peik, E. and Schmidt, P. O.},
	month = jun,
	year = {2015},
	pages = {637--701},
	file = {Version acceptée:/home/guillaume/Zotero/storage/UEGRSTW4/Ludlow et al. - 2015 - Optical atomic clocks.pdf:application/pdf},
}


@article{2015_kawasaki,
	title = {Two-color magneto-optical trap with small magnetic field for ytterbium},
	volume = {48},
	issn = {0953-4075},
	url = {https://doi.org/10.1088/0953-4075/48/15/155302},
	doi = {10.1088/0953-4075/48/15/155302},
	language = {en},
	number = {15},
	urldate = {2022-02-19},
	journal = {Journal of Physics B: Atomic, Molecular and Optical Physics},
	author = {Kawasaki, Akio and Braverman, Boris and Yu, QinQin and Vuletic, Vladan},
	month = jun,
	year = {2015},
	pages = {155302},
	file = {Version soumise:/home/guillaume/Zotero/storage/MNKMN43W/Kawasaki et al. - 2015 - Two-color magneto-optical trap with small magnetic.pdf:application/pdf},
}


@phdthesis{2015_scazza,
	title =  {{Probing} {SU}({N})-symmetric orbital interactions with ytterbium {Fermi} gases in optical lattices.},
	author = {Scazza, Francesco},
	year = {2015},
	url = {https://1library.net/document/ynl08vjq-francesco-symmetric-interactions-ytterbium-lattices-dissertation-munchen-fakultat.html},
	urldate = {2022-01-23},
}

@article{2016_endres,
	title = {Atom-by-atom assembly of defect-free one-dimensional cold atom arrays},
	copyright = {Copyright © 2016, American Association for the Advancement of Science},
	url = {https://www.science.org/doi/abs/10.1126/science.aah3752},
	doi = {10.1126/science.aah3752},
	abstract = {Real-time control of 100 optical tweezers leads to perfect one-dimensional arrays of more than 50 atoms of rubidium-87.},
	language = {EN},
	urldate = {2022-01-23},
	journal = {Science},
	author = {Endres, Manuel and Bernien, Hannes and Keesling, Alexander and Levine, Harry and Anschuetz, Eric R. and Krajenbrink, Alexandre and Senko, Crystal and Vuletic, Vladan and Greiner, Markus and Lukin, Mikhail D.},
	month = nov,
	year = {2016},
}

@article{2016_barredo,
	title = {An atom-by-atom assembler of defect-free arbitrary two-dimensional atomic arrays},
	copyright = {Copyright © 2016, American Association for the Advancement of Science},
	url = {https://www.science.org/doi/abs/10.1126/science.aah3778},
	doi = {10.1126/science.aah3778},
	abstract = {Two-dimensional arrays of arbitrary geometries are deterministically loaded with around 50 atoms.},
	language = {EN},
	urldate = {2022-01-23},
	journal = {Science},
	author = {Barredo, Daniel and Léséleuc, Sylvain de and Lienhard, Vincent and Lahaye, Thierry and Browaeys, Antoine},
	month = nov,
	year = {2016},
}

@misc{2018_aidelsburger,
	title = {Exploring lattice gauge theories with fermionic Ytterbium atoms},
	author = {Aidelsburger, Monika},
	year = {2018},
	note = {ERC grant proposal}
}


@article{2018_safronova,
	title = {Two {Clock} {Transitions} in {Neutral} {Yb} for the {Highest} {Sensitivity} to {Variations} of the {Fine}-{Structure} {Constant}},
	volume = {120},
	url = {https://link.aps.org/doi/10.1103/PhysRevLett.120.173001},
	doi = {10.1103/PhysRevLett.120.173001},
	number = {17},
	urldate = {2022-01-23},
	journal = {Physical Review Letters},
	author = {Safronova, Marianna S. and Porsev, Sergey G. and Sanner, Christian and Ye, Jun},
	month = apr,
	year = {2018},
	pages = {173001},
	file = {Version acceptée:/home/guillaume/Zotero/storage/W9D8NUFU/Safronova et al. - 2018 - Two Clock Transitions in Neutral Yb for the Highes.pdf:application/pdf},
}

@phdthesis{2019_riegger,
  title={Interorbital spin exchange in a state-dependent optical lattice},
  author={Luis Riegger},
  year={2019}
}

@article{2019_copenhaver,
  title = {Measurement of a $^{7}\mathrm{Li}$ tune-out wavelength by phase-patterned atom interferometry},
  author = {Copenhaver, Eric and Cassella, Kayleigh and Berghaus, Robert and M\"uller, Holger},
  journal = {Phys. Rev. A},
  volume = {100},
  issue = {6},
  pages = {063603},
  numpages = {12},
  year = {2019},
  month = {Dec},
  publisher = {American Physical Society},
  doi = {10.1103/PhysRevA.100.063603},
  url = {https://link.aps.org/doi/10.1103/PhysRevA.100.063603}
}


@article{2019_saskin,
	title = {Narrow-{Line} {Cooling} and {Imaging} of {Ytterbium} {Atoms} in an {Optical} {Tweezer} {Array}},
	volume = {122},
	url = {https://link.aps.org/doi/10.1103/PhysRevLett.122.143002},
	doi = {10.1103/PhysRevLett.122.143002},
	number = {14},
	urldate = {2022-01-23},
	journal = {Physical Review Letters},
	author = {Saskin, S. and Wilson, J. T. and Grinkemeyer, B. and Thompson, J. D.},
	month = apr,
	year = {2019},
	pages = {143002},
}

@article{2020_heinz,
	title = {State-{Dependent} {Optical} {Lattices} for the {Strontium} {Optical} {Qubit}},
	volume = {124},
	url = {https://link.aps.org/doi/10.1103/PhysRevLett.124.203201},
	doi = {10.1103/PhysRevLett.124.203201},
	number = {20},
	urldate = {2022-01-29},
	journal = {Physical Review Letters},
	author = {Heinz, A. and Park, A. J. and Šantić, N. and Trautmann, J. and Porsev, S. G. and Safronova, M. S. and Bloch, I. and Blatt, S.},
	month = may,
	year = {2020},
	pages = {203201},
}

@article{2020_Plotkin-Swing,
	author = {Plotkin-Swing,Benjamin  and Wirth,Anna  and Gochnauer,Daniel  and Rahman,Tahiyat  and McAlpine,Katherine E.  and Gupta,Subhadeep },
	title = {Crossed-beam slowing to enhance narrow-line ytterbium magneto-optic traps},
	journal = {Review of Scientific Instruments},
	volume = {91},
	number = {9},
	pages = {093201},
	year = {2020},
	doi = {10.1063/5.0011361},
	URL = {https://doi.org/10.1063/5.0011361},
	eprint = {https://doi.org/10.1063/5.0011361}
}


@article{2021_jenkins,
	title = {Ytterbium nuclear-spin qubits in an optical tweezer array},
	url = {http://arxiv.org/abs/2112.06732},
	urldate = {2022-03-06},
	journal = {arXiv:2112.06732},
	author = {Jenkins, Alec and Lis, Joanna W. and Senoo, Aruku and McGrew, William F. and Kaufman, Adam M.},
	month = dec,
	year = {2021},
	keywords = {Condensed Matter - Quantum Gases, Physics - Atomic Physics, Quantum Physics},
	file = {arXiv Fulltext PDF:/home/guillaume/Zotero/storage/UZKBHKX8/Jenkins et al. - 2021 - Ytterbium nuclear-spin qubits in an optical tweeze.pdf:application/pdf},
}

@misc{2021_steck,
	title = {Quantum and Atom Optics},
	url = {http://steck.us/teaching},
	author = {Daniel A. Steck},
	language = {en},
	urldate = {2022-03-16},
	year = {2021},
	note = {Available online at http://steck.us/teaching}
}

@article{2021_ratkata,
  title = {Measurement of the tune-out wavelength for $^{133}\mathrm{Cs}$ at 880 nm},
  author = {Ratkata, Apichayaporn and Gregory, Philip D. and Innes, Andrew D. and Matthies, Jonas A. and McArd, Lewis A. and Mortlock, Jonathan M. and Safronova, M. S. and Bromley, Sarah L. and Cornish, Simon L.},
  journal = {Phys. Rev. A},
  volume = {104},
  issue = {5},
  pages = {052813},
  numpages = {9},
  year = {2021},
  month = {Nov},
  publisher = {American Physical Society},
  doi = {10.1103/PhysRevA.104.052813},
  url = {https://link.aps.org/doi/10.1103/PhysRevA.104.052813}
}


@article{2022_young,
	title = {Tweezer-programmable {2D} quantum walks in a {Hubbard}-regime lattice},
	url = {http://arxiv.org/abs/2202.01204},
	urldate = {2022-03-06},
	journal = {arXiv:2202.01204},
	author = {Young, Aaron W. and Eckner, William J. and Schine, Nathan and Childs, Andrew M. and Kaufman, Adam M.},
	month = feb,
	year = {2022},
	keywords = {Condensed Matter - Quantum Gases, Physics - Atomic Physics, Quantum Physics},
	file = {arXiv Fulltext PDF:/home/guillaume/Zotero/storage/GBT833XI/Young et al. - 2022 - Tweezer-programmable 2D quantum walks in a Hubbard.pdf:application/pdf},
}